@misc{TimelineJS,
      title = "Knight Lab's Timeline JS",
      url = "http://timeline.knightlab.com/"
	  note = "[Online; last accessed 2014-03-15]"
}

@misc{TimelineJSGithub,
      title = "Knight Lab's Timeline JS Github repository",
      url = "https://github.com/NUKnightLab/TimelineJS"
      note = "[Online; last accessed 2014-03-10]"
}

@misc{TimelineJSCommunity,
      title = "Knight Lab's Timeline JS community forum",
      url = "https://knightlab.zendesk.com/forums/22551396-TimelineJS"
      note = "[Online; last accessed 2014-03-15]"
}

@misc{SIMILE,
      title = "SIMILE Timeline",
      url = "http://www.simile-widgets.org/timeline/"
      note = "[Online; last accessed 2014-03-18]"
}


@misc{Chronoline,
      title = "Chronoline Timeline",
      url = "http://stoicloofah.github.io/chronoline.js/"
      note = "[Online; last accessed 2014-03-20]"
}


@misc{TimegliderGithub,
      title = "Timeglider Timeline Github repository",
      url = "https://github.com/timeglider/jquery_widget"
      note = "[Online; last accessed 2014-03-15]"
}

@misc{Timeglider,
      title = "Timeglider Timeline",
      url = "http://timeglider.com/widget/"
      note = "[Online; last accessed 2014-03-15]"
}


@misc{Chaps,
      title = "Chaps Timeline",
      url = "http://almende.github.io/chap-links-library/timeline.html"
      note = "[Online; last accessed 2014-03-15]"
}

@misc{StackOverflow,
      title = "Stackoverflow SIMILE opinions",
      url = "http://stackoverflow.com/questions/4700419/alternative-to-simile-timeline-for-timeline-visualization"
      note = "[Online; last accessed 2014-03-05]"
}



